@MISC{ODE,
    author = {Fabian Immler and Johannes HÃ¶lzl},
    title = {Numerical Analysis of Ordinary Differential Equations},
    year = {2013}
}

@misc{Wiki,
  title = {Picard-Lindel\"of Theorem},
  howpublished = {\url{https://en.wikipedia.org/wiki/Picard%E2%80%93Lindel%C3%B6f_theorem}},
  note = {Accessed: 2017-02-27}
}

@book{Wolf,
  author    = {Wolfgang Walter}, 
  title     = {Ordinary Differential Equations},
  publisher = {Springer-Verlag New York},
  year      = 1998,
  edition   = 1,
  isbn      = {978-1-4612-6834-5}
}
